@misc{kaggle,
    title = "Data Augmentation in NLP: Best Practices From a Kaggle Master",
    month = "September",
    year = "2023",
    url = "https://neptune.ai/blog/data-augmentation-nlp",
    note = "[Online; accessed 13-May-2024]"
}

@misc{wordrep,
    title = "BERT, ELMo, & GPT-2: How Contextual are Contextualized Word Representations?",
    month = "March",
    year = "2020",
    url = "https://ai.stanford.edu/blog/contextual/",
    note = "[Online; accessed 13-May-2024]"
}+

@misc{vaswani2023attention,
      title={Attention Is All You Need}, 
      author={Ashish Vaswani and Noam Shazeer and Niki Parmar and Jakob Uszkoreit and Llion Jones and Aidan N. Gomez and Lukasz Kaiser and Illia Polosukhin},
      year={2023},
      eprint={1706.03762},
      archivePrefix={arXiv},
      primaryClass={cs.CL}
}

@misc{grulstm,
    title = "RNN cells: analyzing GRU equations VS LSTM, and when to choose RNN over Transformers"
    month 

}

@misc{dataaug,
    title = "Data Augmentation in NLP",
    month = "April",
    year = "2019",
    url = "https://towardsdatascience.com/data-augmentation-in-nlp-2801a34dfc28",
    note = "[Online; accessed 13-May-2024]"
}

@misc{kingma2017adam,
      title={Adam: A Method for Stochastic Optimization}, 
      author={Diederik P. Kingma and Jimmy Ba},
      year={2017},
      eprint={1412.6980},
      archivePrefix={arXiv},
      primaryClass={cs.LG}
}

@misc{schmidt2019recurrent,
      title={Recurrent Neural Networks (RNNs): A gentle Introduction and Overview}, 
      author={Robin M. Schmidt},
      year={2019},
      eprint={1912.05911},
      archivePrefix={arXiv},
      primaryClass={cs.LG}
}
